%% This BibTeX bibliography file was created using BibDesk.
%% http://bibdesk.sourceforge.net/

%% Created for Vittoria Chistolini at 2017-11-28 21:33:34 -0500 


%% Saved with string encoding Unicode (UTF-8) 



@article{elith2009species,
	Author = {Elith, Jane and Leathwick, John R},
	Journal = {Annual review of ecology, evolution, and systematics},
	Pages = {677--697},
	Publisher = {Annual Reviews},
	Title = {Species distribution models: ecological explanation and prediction across space and time},
	Volume = {40},
	Year = {2009}} [c]
